@article{deb2014variational,
  title={Variational Monte Carlo Technique},
  author={Deb, Sukanta},
  journal={Resonance},
  volume={19},
  number={8},
  pages={713--739},
  year={2014},
  publisher={Springer}
}

@article{stern2008cognitive,
  title={Cognitive Constructivism and the Epistemic Significance of Sharp Statistical Hypotheses},
  author={Stern, Julio Michael},
  journal={Tutorial book for MaxEnt},
  pages={6--11},
  year={2008}
}